
@ARTICLE{Scoccimarro2004,
   author = {{Scoccimarro}, R.},
    title = "{Redshift-space distortions, pairwise velocities, and nonlinearities}",
  journal = {\prd},
   eprint = {astro-ph/0407214},
 keywords = {Distances redshifts radial velocities, spatial distribution of galaxies, Superclusters, large-scale structure of the Universe},
     year = 2004,
    month = oct,
   volume = 70,
   number = 8,
      eid = {083007},
    pages = {083007},
      doi = {10.1103/PhysRevD.70.083007},
   adsurl = {http://adsabs.harvard.edu/abs/2004PhRvD..70h3007S},
  adsnote = {Provided by the SAO/NASA Astrophysics Data System}
}

@ARTICLE{Eisenstein2005,
   author = {{Eisenstein}, D.~J. and {Zehavi}, I. and {Hogg}, D.~W. and {Scoccimarro}, R. and 
	{Blanton}, M.~R. and {Nichol}, R.~C. and {Scranton}, R. and 
	{Seo}, H.-J. and {Tegmark}, M. and {Zheng}, Z. and {Anderson}, S.~F. and 
	{Annis}, J. and {Bahcall}, N. and {Brinkmann}, J. and {Burles}, S. and 
	{Castander}, F.~J. and {Connolly}, A. and {Csabai}, I. and {Doi}, M. and 
	{Fukugita}, M. and {Frieman}, J.~A. and {Glazebrook}, K. and 
	{Gunn}, J.~E. and {Hendry}, J.~S. and {Hennessy}, G. and {Ivezic}, Z. and 
	{Kent}, S. and {Knapp}, G.~R. and {Lin}, H. and {Loh}, Y.-S. and 
	{Lupton}, R.~H. and {Margon}, B. and {McKay}, T.~A. and {Meiksin}, A. and 
	{Munn}, J.~A. and {Pope}, A. and {Richmond}, M.~W. and {Schlegel}, D. and 
	{Schneider}, D.~P. and {Shimasaku}, K. and {Stoughton}, C. and 
	{Strauss}, M.~A. and {SubbaRao}, M. and {Szalay}, A.~S. and 
	{Szapudi}, I. and {Tucker}, D.~L. and {Yanny}, B. and {York}, D.~G.
	},
    title = "{Detection of the Baryon Acoustic Peak in the Large-Scale Correlation Function of SDSS Luminous Red Galaxies}",
  journal = {\apj},
   eprint = {astro-ph/0501171},
 keywords = {Cosmology: Cosmic Microwave Background, Cosmology: Cosmological Parameters, Cosmology: Observations, Cosmology: Distance Scale, Galaxies: Elliptical and Lenticular, cD, Cosmology: Large-Scale Structure of Universe},
     year = 2005,
    month = nov,
   volume = 633,
    pages = {560-574},
      doi = {10.1086/466512},
   adsurl = {http://adsabs.harvard.edu/abs/2005ApJ...633..560E},
  adsnote = {Provided by the SAO/NASA Astrophysics Data System}
}


@ARTICLE{DESI2013,
   author = {{Levi}, M. and {Bebek}, C. and {Beers}, T. and {Blum}, R. and 
	{Cahn}, R. and {Eisenstein}, D. and {Flaugher}, B. and {Honscheid}, K. and 
	{Kron}, R. and {Lahav}, O. and {McDonald}, P. and {Roe}, N. and 
	{Schlegel}, D. and {representing the DESI collaboration}},
    title = "{The DESI Experiment, a whitepaper for Snowmass 2013}",
  journal = {ArXiv e-prints},
archivePrefix = "arXiv",
   eprint = {1308.0847},
 primaryClass = "astro-ph.CO",
 keywords = {Astrophysics - Cosmology and Extragalactic Astrophysics, Astrophysics - Instrumentation and Methods for Astrophysics},
     year = 2013,
    month = aug,
   adsurl = {http://adsabs.harvard.edu/abs/2013arXiv1308.0847L},
  adsnote = {Provided by the SAO/NASA Astrophysics Data System}
}

@ARTICLE{Vweb,
   author = {{Hoffman}, Y. and {Metuki}, O. and {Yepes}, G. and {Gottloeber}, S. and 
	{Forero-Romero}, J.~E. and {Libeskind}, N.~I. and {Knebe}, A.
	},
    title = "{A kinematic classification of the cosmic web}",
  journal = {\mnras},
archivePrefix = "arXiv",
   eprint = {1201.3367},
 primaryClass = "astro-ph.CO",
 keywords = {cosmology: theory, dark matter, large scale of Universe },
     year = 2012,
    month = sep,
   volume = 425,
    pages = {2049-2057},
      doi = {10.1111/j.1365-2966.2012.21553.x},
   adsurl = {http://adsabs.harvard.edu/abs/2012MNRAS.425.2049H},
  adsnote = {Provided by the SAO/NASA Astrophysics Data System}
}

@ARTICLE{2011arXiv1109.0003R,
   author = {{Riebe}, K. and {Partl}, A.~M. and {Enke}, H. and {Forero-Romero}, J. and 
	{Gottloeber}, S. and {Klypin}, A. and {Lemson}, G. and {Prada}, F. and 
	{Primack}, J.~R. and {Steinmetz}, M. and {Turchaninov}, V.},
    title = "{The MultiDark Database: Release of the Bolshoi and MultiDark Cosmological Simulations}",
  journal = {ArXiv e-prints},
archivePrefix = "arXiv",
   eprint = {1109.0003},
 primaryClass = "astro-ph.CO",
 keywords = {Astrophysics - Cosmology and Extragalactic Astrophysics, Astrophysics - Instrumentation and Methods for Astrophysics, Computer Science - Databases},
     year = 2011,
    month = aug,
   adsurl = {http://adsabs.harvard.edu/abs/2011arXiv1109.0003R},
  adsnote = {Provided by the SAO/NASA Astrophysics Data System}
}

@ARTICLE{Bullets2014,
   author = {{Fern{\'a}ndez-Trincado}, J.~G. and {Forero-Romero}, J.~E. and 
	{Foex}, G. and {Verdugo}, T. and {Motta}, V.},
    title = "{The Abundance of Bullet Groups in {$\Lambda$}CDM}",
  journal = {\apjl},
archivePrefix = "arXiv",
   eprint = {1404.5636},
 keywords = {dark matter, galaxies: clusters: individual: SL2S J08544{\ndash}0121, galaxies: interactions, methods: numerical},
     year = 2014,
    month = jun,
   volume = 787,
      eid = {L34},
    pages = {L34},
      doi = {10.1088/2041-8205/787/2/L34},
   adsurl = {http://adsabs.harvard.edu/abs/2014ApJ...787L..34F},
  adsnote = {Provided by the SAO/NASA Astrophysics Data System}
}

@ARTICLE{Multidark,
   author = {{Riebe}, K. and {Partl}, A.~M. and {Enke}, H. and {Forero-Romero}, J. and 
	{Gottloeber}, S. and {Klypin}, A. and {Lemson}, G. and {Prada}, F. and 
	{Primack}, J.~R. and {Steinmetz}, M. and {Turchaninov}, V.},
    title = "{The MultiDark Database: Release of the Bolshoi and MultiDark cosmological simulations}",
  journal = {Astronomische Nachrichten},
 keywords = {\%simulation, cosmology, database, Virtual Observatory},
     year = 2013,
    month = aug,
   volume = 334,
    pages = {691-708},
      doi = {10.1002/asna.201211900},
   adsurl = {http://adsabs.harvard.edu/abs/2013AN....334..691R},
  adsnote = {Provided by the SAO/NASA Astrophysics Data System}
}

@ARTICLE{Tweb,
   author = {{Forero-Romero}, J.~E. and {Hoffman}, Y. and {Gottloeber}, S. and 
	{Klypin}, A. and {Yepes}, G.},
    title = "{A dynamical classification of the cosmic web}",
  journal = {\mnras},
archivePrefix = "arXiv",
   eprint = {0809.4135},
 keywords = {methods: numerical , cosmology: large-scale structure of Universe},
     year = 2009,
    month = jul,
   volume = 396,
    pages = {1815-1824},
      doi = {10.1111/j.1365-2966.2009.14885.x},
   adsurl = {http://adsabs.harvard.edu/abs/2009MNRAS.396.1815F},
  adsnote = {Provided by the SAO/NASA Astrophysics Data System}
}

@ARTICLE{2013MNRAS.428.2489L,
   author = {{Libeskind}, N.~I. and {Hoffman}, Y. and {Forero-Romero}, J. and 
	{Gottloeber}, S. and {Knebe}, A. and {Steinmetz}, M. and 
	{Klypin}, A.},
    title = "{The velocity shear tensor: tracer of halo alignment}",
  journal = {\mnras},
archivePrefix = "arXiv",
   eprint = {1210.4559},
 primaryClass = "astro-ph.CO",
 keywords = {galaxies: haloes, cosmology: theory, dark matter, large scale structure of Universe},
     year = 2013,
    month = jan,
   volume = 428,
    pages = {2489-2499},
      doi = {10.1093/mnras/sts216},
   adsurl = {http://adsabs.harvard.edu/abs/2013MNRAS.428.2489L},
  adsnote = {Provided by the SAO/NASA Astrophysics Data System}
}

@ARTICLE{2011MNRAS.417.1434F,
   author = {{Forero-Romero}, J.~E. and {Hoffman}, Y. and {Yepes}, G. and 
	{Gottloeber}, S. and {Piontek}, R. and {Klypin}, A. and {Steinmetz}, M.
	},
    title = "{The dark matter assembly of the Local Group in constrained cosmological simulations of a {$\Lambda$} cold dark matter universe}",
  journal = {\mnras},
archivePrefix = "arXiv",
   eprint = {1107.0017},
 primaryClass = "astro-ph.CO",
 keywords = {Galaxy: formation, galaxies: haloes, Local Group, cosmology: theory},
     year = 2011,
    month = oct,
   volume = 417,
    pages = {1434-1443},
      doi = {10.1111/j.1365-2966.2011.19358.x},
   adsurl = {http://adsabs.harvard.edu/abs/2011MNRAS.417.1434F},
  adsnote = {Provided by the SAO/NASA Astrophysics Data System}
}

@ARTICLE{2011MNRAS.415.3666F,
   author = {{Forero-Romero}, J.~E. and {Yepes}, G. and {Gottloeber}, S. and 
	{Knollmann}, S.~R. and {Cuesta}, A.~J. and {Prada}, F.},
    title = "{CLARA's view on the escape fraction of Lyman {$\alpha$} photons in high-redshift galaxies}",
  journal = {\mnras},
archivePrefix = "arXiv",
   eprint = {1104.5586},
 primaryClass = "astro-ph.CO",
 keywords = {galaxies: evolution, galaxies: formation, galaxies: high-redshift},
     year = 2011,
    month = aug,
   volume = 415,
    pages = {3666-3680},
      doi = {10.1111/j.1365-2966.2011.18983.x},
   adsurl = {http://adsabs.harvard.edu/abs/2011MNRAS.415.3666F},
  adsnote = {Provided by the SAO/NASA Astrophysics Data System}
}

@ARTICLE{2012MNRAS.419..952F,
   author = {{Forero-Romero}, J.~E. and {Yepes}, G. and {Gottloeber}, S. and 
	{Prada}, F.},
    title = "{Modelling the fraction of Lyman break galaxies with strong Lyman {$\alpha$} emission at 5 {\le} z {\le} 7.}",
  journal = {\mnras},
archivePrefix = "arXiv",
   eprint = {1109.0228},
 primaryClass = "astro-ph.CO",
 keywords = {galaxies: evolution, galaxies: high-redshift},
     year = 2012,
    month = jan,
   volume = 419,
    pages = {952-958},
      doi = {10.1111/j.1365-2966.2011.19744.x},
   adsurl = {http://adsabs.harvard.edu/abs/2012MNRAS.419..952F},
  adsnote = {Provided by the SAO/NASA Astrophysics Data System}
}

@ARTICLE{Bullets2010,
   author = {{Forero-Romero}, J.~E. and {Gottloeber}, S. and {Yepes}, G.
	},
    title = "{Bullet Clusters in the MARENOSTRUM Universe}",
  journal = {\apj},
archivePrefix = "arXiv",
   eprint = {1007.3902},
 primaryClass = "astro-ph.CO",
 keywords = {dark matter, galaxies: clusters: general, galaxies: clusters: individual: 1E 0657-558, galaxies: halos, gravitational lensing: strong, X-rays: galaxies: clusters},
     year = 2010,
    month = dec,
   volume = 725,
    pages = {598-604},
      doi = {10.1088/0004-637X/725/1/598},
   adsurl = {http://adsabs.harvard.edu/abs/2010ApJ...725..598F},
  adsnote = {Provided by the SAO/NASA Astrophysics Data System}
}

@ARTICLE{2011MNRAS.417.1303M,
   author = {{Mu{\~n}oz-Cuartas}, J.~C. and {M{\"u}ller}, V. and {Forero-Romero}, J.~E.
	},
    title = "{Halo-based reconstruction of the cosmic mass density field}",
  journal = {\mnras},
archivePrefix = "arXiv",
   eprint = {1107.1062},
 primaryClass = "astro-ph.CO",
 keywords = {methods: numerical, galaxies: haloes, dark matter, large-scale structure of Universe},
     year = 2011,
    month = oct,
   volume = 417,
    pages = {1303-1317},
      doi = {10.1111/j.1365-2966.2011.19344.x},
   adsurl = {http://adsabs.harvard.edu/abs/2011MNRAS.417.1303M},
  adsnote = {Provided by the SAO/NASA Astrophysics Data System}
}

@ARTICLE{2013MNRAS.428.2163F,
   author = {{Forero-Romero}, J.~E. and {Dijkstra}, M.},
    title = "{Effects of star-formation stochasticity on the Ly{$\alpha$} and Lyman continuum emission from dwarf galaxies during reionization}",
  journal = {\mnras},
archivePrefix = "arXiv",
   eprint = {1206.0726},
 primaryClass = "astro-ph.CO",
 keywords = {line: formation, galaxies: high-redshift, galaxies: star formation},
     year = 2013,
    month = jan,
   volume = 428,
    pages = {2163-2170},
      doi = {10.1093/mnras/sts177},
   adsurl = {http://adsabs.harvard.edu/abs/2013MNRAS.428.2163F},
  adsnote = {Provided by the SAO/NASA Astrophysics Data System}
}

@ARTICLE{2013ApJ...767L...5F,
   author = {{Forero-Romero}, J.~E. and {Hoffman}, Y. and {Bustamante}, S. and 
	{Gottloeber}, S. and {Yepes}, G.},
    title = "{The Kinematics of the Local Group in a Cosmological Context}",
  journal = {\apjl},
archivePrefix = "arXiv",
   eprint = {1303.2690},
 primaryClass = "astro-ph.CO",
 keywords = {galaxies: kinematics and dynamics, Local Group, methods: numerical},
     year = 2013,
    month = apr,
   volume = 767,
      eid = {L5},
    pages = {L5},
      doi = {10.1088/2041-8205/767/1/L5},
   adsurl = {http://adsabs.harvard.edu/abs/2013ApJ...767L...5F},
  adsnote = {Provided by the SAO/NASA Astrophysics Data System}
}

@ARTICLE{2010MNRAS.403L..31F,
   author = {{Forero-Romero}, J.~E. and {Yepes}, G. and {Gottloeber}, S. and 
	{Knollmann}, S.~R. and {Khalatyan}, A. and {Cuesta}, A.~J. and 
	{Prada}, F.},
    title = "{Simulated versus observed UV emission at high redshift: a hint for a clumpy interstellar medium?}",
  journal = {\mnras},
archivePrefix = "arXiv",
   eprint = {0912.0664},
 primaryClass = "astro-ph.CO",
 keywords = {methods: numerical, galaxies: evolution, galaxies: high-redshift, large-scale structure of Universe},
     year = 2010,
    month = mar,
   volume = 403,
    pages = {L31-L35},
      doi = {10.1111/j.1745-3933.2009.00809.x},
   adsurl = {http://adsabs.harvard.edu/abs/2010MNRAS.403L..31F},
  adsnote = {Provided by the SAO/NASA Astrophysics Data System}
}

@ARTICLE{2007MNRAS.379.1507F,
   author = {{Forero-Romero}, J.~E. and {Blaizot}, J. and {Devriendt}, J. and 
	{van Waerbeke}, L. and {Guiderdoni}, B.},
    title = "{LEMOMAF: Lensed Mock Map Facility}",
  journal = {\mnras},
   eprint = {astro-ph/0611932},
 keywords = {gravitational lensing, methods: numerical, large-scale structure of Universe},
     year = 2007,
    month = aug,
   volume = 379,
    pages = {1507-1518},
      doi = {10.1111/j.1365-2966.2007.12060.x},
   adsurl = {http://adsabs.harvard.edu/abs/2007MNRAS.379.1507F},
  adsnote = {Provided by the SAO/NASA Astrophysics Data System}
}

@ARTICLE{2009MNRAS.399..762F,
   author = {{Forero-Romero}, J.~E.},
    title = "{The coarse geometry of merger trees in {$\Lambda$} cold dark matter}",
  journal = {\mnras},
archivePrefix = "arXiv",
   eprint = {0801.1955},
 keywords = {cosmology: theory , dark matter},
     year = 2009,
    month = oct,
   volume = 399,
    pages = {762-768},
      doi = {10.1111/j.1365-2966.2009.15281.x},
   adsurl = {http://adsabs.harvard.edu/abs/2009MNRAS.399..762F},
  adsnote = {Provided by the SAO/NASA Astrophysics Data System}
}

@ARTICLE{2014arXiv1405.6240B,
   author = {{Bernal}, N. and {Forero-Romero}, J.~E. and {Garani}, R. and 
	{Palomares-Ruiz}, S.},
    title = "{Systematic uncertainties from halo asphericity in dark matter searches}",
  journal = {ArXiv e-prints},
archivePrefix = "arXiv",
   eprint = {1405.6240},
 keywords = {Astrophysics - Cosmology and Nongalactic Astrophysics, Astrophysics - Astrophysics of Galaxies, High Energy Physics - Phenomenology},
     year = 2014,
    month = may,
   adsurl = {http://adsabs.harvard.edu/abs/2014arXiv1405.6240B},
  adsnote = {Provided by the SAO/NASA Astrophysics Data System}
}

@ARTICLE{2013AAABS...4..150Q,
   author = {{Quiroga}, L.~F. and {Mu{\~n}oz-Cuartas}, J.~C. and {Sanes}, S. and 
	{Forero-Romero}, J.~E. and {Gottloeber}, S. and {Zuluaga}, J.
	},
    title = "{Survival of galaxy disks in a {$\Lambda$}CDM cosmology}",
  journal = {Asociacion Argentina de Astronomia La Plata Argentina Book Series},
     year = 2013,
   volume = 4,
    pages = {150},
   adsurl = {http://adsabs.harvard.edu/abs/2013AAABS...4..150Q},
  adsnote = {Provided by the SAO/NASA Astrophysics Data System}
}

@ARTICLE{2013AAABS...4...79F,
   author = {{Forero-Romero}, J.~E. and {Yepes}, G. and {Gottloeber}, S. and 
	{Prada}, F.},
    title = "{Towards a panchromatic picture of galaxy evolution during the reionization epoch}",
  journal = {Asociacion Argentina de Astronomia La Plata Argentina Book Series},
archivePrefix = "arXiv",
   eprint = {1208.0819},
 primaryClass = "astro-ph.CO",
     year = 2013,
   volume = 4,
    pages = {79},
   adsurl = {http://adsabs.harvard.edu/abs/2013AAABS...4...79F},
  adsnote = {Provided by the SAO/NASA Astrophysics Data System}
}

@ARTICLE{2011arXiv1110.6772A,
   author = {{Ayala}, L. and {Forero-Romero}, J.~E.},
    title = "{Visualising Matter and Cosmologies: A Transhistorical Example}",
  journal = {ArXiv e-prints},
archivePrefix = "arXiv",
   eprint = {1110.6772},
 primaryClass = "physics.pop-ph",
 keywords = {Physics - Popular Physics, Astrophysics - Instrumentation and Methods for Astrophysics, Physics - History and Philosophy of Physics},
     year = 2011,
    month = oct,
   adsurl = {http://adsabs.harvard.edu/abs/2011arXiv1110.6772A},
  adsnote = {Provided by the SAO/NASA Astrophysics Data System}
}

@INBOOK{2011efgt.book...13M,
   author = {{Mu{\~n}oz-Cuartas}, J.~C. and {M{\"u}ller}, V. and {Forero-Romero}, J.~E.
	},
    title = "{The Cosmic Mass Density Field Reconstruction from the SDSS Group Catalog}",
booktitle = {Environment and the Formation of Galaxies: 30 Years Later},
     year = 2011,
   editor = {{Ferreras}, I. and {Pasquali}, A.},
    pages = {13},
      doi = {10.1007/978-3-642-20285-8_2},
   adsurl = {http://adsabs.harvard.edu/abs/2011efgt.book...13M},
  adsnote = {Provided by the SAO/NASA Astrophysics Data System}
}

@ARTICLE{2008arXiv0801.1953F,
   author = {{Forero-Romero}, J.~E.},
    title = "{Predictability in Semi-Analytic Models of Galaxy Formation}",
  journal = {ArXiv e-prints},
archivePrefix = "arXiv",
   eprint = {0801.1953},
 keywords = {Astrophysics},
     year = 2008,
    month = jan,
   adsurl = {http://adsabs.harvard.edu/abs/2008arXiv0801.1953F},
  adsnote = {Provided by the SAO/NASA Astrophysics Data System}
}

